<?xml version="1.0" encoding="UTF-8"?><collection xmlns="http://www.loc.gov/MARC21/slim"><record><leader>00569nam--2200193-u-4500</leader><controlfield tag="001">000050468</controlfield><controlfield tag="002">20161230</controlfield><controlfield tag="005">20161230201048</controlfield><controlfield tag="008">070403s1000------------r-----000-0-eng-d</controlfield><datafield ind1=" " ind2=" " tag="020"><subfield code="a">981-256-692-9</subfield></datafield><datafield ind1=" " ind2=" " tag="040"><subfield code="a">IFIN-HH</subfield></datafield><datafield ind1=" " ind2=" " tag="080"><subfield code="a">530.145:510.23:527.4</subfield></datafield><datafield ind1="1" ind2=" " tag="100"><subfield code="a">Muller-kirsten, H.J.W</subfield></datafield><datafield ind1="1" ind2="0" tag="245"><subfield code="a">Introduction to Quantum Mechanics</subfield><subfield code="b">Schrodinger Equation and Path Integral</subfield><subfield code="c">H.j.w. muller-kirsten</subfield></datafield><datafield ind1=" " ind2=" " tag="260"><subfield code="a">New Jwrsey</subfield><subfield code="b">World Scientific</subfield><subfield code="c">2006</subfield></datafield><datafield ind1=" " ind2=" " tag="300"><subfield code="a">805 p</subfield></datafield><datafield ind1=" " ind2=" " tag="650"><subfield code="a">Schrodinger Equation</subfield></datafield><datafield ind1=" " ind2=" " tag="852"><subfield code="a">81864</subfield><subfield code="c">530.14</subfield></datafield><datafield ind1=" " ind2=" " tag="CAT"><subfield code="a">Sys</subfield><subfield code="c">20110328</subfield><subfield code="h">161118</subfield></datafield></record></collection>